@article{bloch2016covert,
  	author={Bloch, Matthieu R.},
	journal={IEEE Transactions on Information Theory}, 
	title={Covert Communication Over Noisy Channels: A Resolvability Perspective}, 
	year={2016},
	volume={62},
	number={5},
	pages={2334-2354},
	doi={10.1109/TIT.2016.2530089}
}

@book{garg2010wireless,
	author={Garg, Vijay},
	title={Wireless Communications \& Networking},
	year={2007},
	isbn={0123735807},
	publisher={Morgan Kaufmann Publishers Inc.},
	address={San Francisco, CA, USA},
	edition={1st}
}


@misc{chakraborty2018adversarial,
	author = {A. Chakraborty and M. Alam and V. Dey and A. Chattopadhyay and D. Mukhopadhyay},
	title = {Adversarial Attacks and Defences: A Survey},
	year = {2018},
	eprint = {arXiv:1810.00069},
	archivePrefix = {arXiv},
	primaryClass = {cs.LG},
	url = {https://arxiv.org/abs/1810.00069}
}


@book{zhou2013physical,
	author={Zhou, Xiangyun and Song, Lingyang and Zhang, Yan},
	title = {Physical Layer Security in Wireless Communications},
	edition = {1st},
	year = {2013},
	publisher = {CRC Press},
	doi = {10.1201/b15496}
}

@article{scholtz1982origins,
  	author={Scholtz, R.},
	journal={IEEE Transactions on Communications}, 
	title={The Origins of Spread-Spectrum Communications}, 
	year={1982},
	volume={30},
	number={5},
	pages={822-854},
	doi={10.1109/TCOM.1982.1095547}
}

@inproceedings{baldi2012autoencoders,
	author = {Baldi, Pierre},
	title = {Autoencoders, Unsupervised Learning and Deep Architectures},
	year = {2011},
	publisher = {JMLR.org},
	pages = {37–50},
	numpages = {14},
	keywords = {information theory, compression, principal component analysis, deep architectures, clustering, hebbian learning, complexity, autoencoders, boolean, unsupervised learning},
	location = {Washington, USA},
	series = {UTLW'11}
}

@article{lampson1973note,
	author = {Lampson, Butler W.},
	title = {A Note on the Confinement Problem},
	year = {1973},
	issue_date = {Oct. 1973},
	publisher = {Association for Computing Machinery},
	address = {New York, NY, USA},
	volume = {16},
	number = {10},
	issn = {0001-0782},
	url = {https://doi.org/10.1145/362375.362389},
	doi = {10.1145/362375.362389},
	abstract = {onfining a program during its execution so that it cannot transmit information to any other program except its caller. A set of examples attempts to stake out the boundaries of the problem. Necessary conditions for a solution are stated and informally justified.},
	journal = {Commun. ACM},
	month = {oct},
	pages = {613–615},
	numpages = {3},
	keywords = {proprietary program, privacy, leakage of data, security, confinement, protection}
}

@inproceedings{bash2012square,
  	author={Bash, Boulat A. and Goeckel, Dennis and Towsley, Don},
	booktitle={2012 IEEE International Symposium on Information Theory Proceedings}, 
	title={Square root law for communication with low probability of detection on AWGN channels}, 
	year={2012},
	volume={},
	number={},
	pages={448-452},
	doi={10.1109/ISIT.2012.6284228}
}

@article{bash2013limits,
	author={Bash, Boulat A. and Goeckel, Dennis and Towsley, Don},
	journal={IEEE Journal on Selected Areas in Communications}, 
	title={Limits of Reliable Communication with Low Probability of Detection on AWGN Channels}, 
	year={2013},
	volume={31},
	number={9},
	pages={1921-1930},
	doi={10.1109/JSAC.2013.130923}
}

@article{soltani2018covert,
	author={Soltani, Ramin and Goeckel, Dennis and Towsley, Don and Bash, Boulat A. and Guha, Saikat},
	journal={IEEE Transactions on Wireless Communications}, 
	title={Covert Wireless Communication With Artificial Noise Generation}, 
	year={2018},
	volume={17},
	number={11},
	pages={7252-7267},
	doi={10.1109/TWC.2018.2865946}
}

@article{soltani2019deep,
	author={Soltani, Mehran and Pourahmadi, Vahid and Mirzaei, Ali and Sheikhzadeh, Hamid},
	journal={IEEE Communications Letters}, 
	title={Deep Learning-Based Channel Estimation}, 
	year={2019},
	volume={23},
	number={4},
	pages={652-655},
	doi={10.1109/LCOMM.2019.2898944}
}

@article{sobers2017covert,
	author={Sobers, Tamara V. and Bash, Boulat A. and Guha, Saikat and Towsley, Don and Goeckel, Dennis},
	journal={IEEE Transactions on Wireless Communications}, 
	title={Covert Communication in the Presence of an Uninformed Jammer}, 
	year={2017},
	volume={16},
	number={9},
	pages={6193-6206},
	doi={10.1109/TWC.2017.2720736}
}

@inproceedings{o2016radio,
	author = {Timothy O'Shea and Nathan West},
	title = { Radio Machine Learning Dataset Generation with GNU Radio},
	journal = {Proceedings of the GNU Radio Conference},
	volume = {1},
	number = {1},
	year = {2016},
	keywords = {},
	url = {https://pubs.gnuradio.org/index.php/grcon/article/view/11}
}

@article{o2017introduction,
	author={O’Shea, Timothy and Hoydis, Jakob},
	journal={IEEE Transactions on Cognitive Communications and Networking}, 
	title={An Introduction to Deep Learning for the Physical Layer}, 
	year={2017},
	volume={3},
	number={4},
	pages={563-575},
	doi={10.1109/TCCN.2017.2758370}
}

@article{wu2020deep,
	author={Wu, Dehao and Nekovee, Maziar and Wang, Yue},
	journal={IEEE Access}, 
	title={Deep Learning-Based Autoencoder for m-User Wireless Interference Channel Physical Layer Design}, 
	year={2020},
	volume={8},
	number={},
	pages={174679-174691},
	doi={10.1109/ACCESS.2020.3025597}
}

@article{wang2017deep,
	author={Wang, Tianqi and Wen, Chao-Kai and Wang, Hanqing and Gao, Feifei and Jiang, Tao and Jin, Shi},
	journal={China Communications}, 
	title={Deep learning for wireless physical layer: Opportunities and challenges}, 
	year={2017},
	volume={14},
	number={11},
	pages={92-111},
	doi={10.1109/CC.2017.8233654}
}

@inproceedings{tan2014stacked,
	author={Tan, Shunquan and Li, Bin},
	booktitle={Signal and Information Processing Association Annual Summit and Conference (APSIPA), 2014 Asia-Pacific}, 
	title={Stacked convolutional auto-encoders for steganalysis of digital images}, 
	year={2014},
	volume={},
	number={},
	pages={1-4},
	doi={10.1109/APSIPA.2014.7041565}
}

@inproceedings{qian2015deep,
	author = {Yinlong Qian and Jing Dong and Wei Wang and Tieniu Tan},
	title = {{Deep learning for steganalysis via convolutional neural networks}},
	booktitle = {Proc. SPIE},
	year = {2015}
}

@article{xu2016structural,
	author={Xu, Guanshuo and Wu, Han-Zhou and Shi, Yun-Qing},
	journal={IEEE Signal Processing Letters}, 
	title={Structural Design of Convolutional Neural Networks for Steganalysis}, 
	year={2016},
	volume={23},
	number={5},
	pages={708-712},
	doi={10.1109/LSP.2016.2548421}
}

@inproceedings{baluja2017hiding,
	author={Baluja, Shumeet},
	booktitle={Proc. NIPS},
	title={Hiding Images in Plain Sight: Deep Steganography},
	year={2017}
}

@misc{zhang2021brief,
	title={A Brief Survey on Deep Learning Based Data Hiding}, 
	author={Chaoning Zhang and Chenguo Lin and Philipp Benz and Kejiang Chen and Weiming Zhang and In So Kweon},
	year={2022},
	primaryClass={cs.CR},
	eprint = {arXiv:2103.01607},
	archivePrefix = {arXiv},
	url = {https://arxiv.org/abs/2103.01607}
}

@article{zhang2020udh,
	author = {Zhang, Chaoning and Benz, Philipp and Karjauv, Adil and Sun, Geng and Kweon, In So},
	booktitle = {Proc. NIPS},
	title = {UDH: Universal Deep Hiding for Steganography, Watermarking, and Light Field Messaging},
	year = {2020}
}

@inproceedings{goodfellow2014generative,
	author = {Goodfellow, Ian and Pouget-Abadie, Jean and Mirza, Mehdi and Xu, Bing and Warde-Farley, David and Ozair, Sherjil and Courville, Aaron and Bengio, Yoshua},
	booktitle = {Proc. NIPS},
	title = {Generative Adversarial Nets},
	year = {2014}
}

@inproceedings{volkhonskiy2020steganographic,
    title={Steganographic Generative Adversarial Networks}, 
	author={Denis Volkhonskiy and Ivan Nazarov and Evgeny Burnaev},
	year={2019},
	eprint={arXiv:1703.05502},
	archivePrefix={arXiv},
	primaryClass={cs.MM},
	url={https://arxiv.org/abs/1703.05502}
}

@inproceedings{hayes2017generating,
	author = {Hayes, Jamie and Danezis, George},
	title = {Generating Steganographic Images via Adversarial Training},
	year = {2017},
	isbn = {9781510860964},
	publisher = {Curran Associates Inc.},
	address = {Red Hook, NY, USA},
	booktitle = {Proceedings of the 31st International Conference on Neural Information Processing Systems},
	pages = {1951–1960},
	numpages = {10},
	location = {Long Beach, California, USA},
	series = {NIPS'17}
}

@article{sheikholeslami2018multi,
	author={Sheikholeslami, Azadeh and Ghaderi, Majid and Towsley, Don and Bash, Boulat A. and Guha, Saikat and Goeckel, Dennis},
	journal={IEEE Transactions on Wireless Communications}, 
	title={Multi-Hop Routing in Covert Wireless Networks}, 
	year={2018},
	volume={17},
	number={6},
	pages={3656-3669},
	doi={10.1109/TWC.2018.2812881}
}

@article{sheikholeslami2020covert,
	author={Sheikholeslami, Azadeh and Ghaderi, Majid and Goeckel, Dennis},
	journal={IEEE Transactions on Mobile Computing}, 
	title={Covert Communications in Multi-Channel Slotted ALOHA Systems}, 
	year={2022},
	volume={21},
	number={6},
	pages={1958-1971},
	doi={10.1109/TMC.2020.3036022}
}

@inproceedings{nussbaum2009robust,
	author={Nussbaum, Lucas and Neyron, Pierre and Richard, Olivier},
	editor={Gritzalis, Dimitris and Lopez, Javier},
	title={On Robust Covert Channels Inside DNS},
	booktitle={Emerging Challenges for Security, Privacy and Trust},
	year={2009},
	publisher={Springer Berlin Heidelberg},
	address={Berlin, Heidelberg},
	pages={51--62},
	isbn={978-3-642-01244-0}
}

@inproceedings{li2021fundamental,
	author={Li, Ke and Ghaderi, Majid and Goeckel, Dennis},
	booktitle={2021 IEEE Global Communications Conference (GLOBECOM)}, 
	title={Fundamental Limits of Activity-Based Covert Channels}, 
	year={2021},
	volume={},
	number={},
	pages={1-6},
	doi={10.1109/GLOBECOM46510.2021.9686016}
}

@inproceedings{dutta2012secret,
  author = {Dutta, Aveek and Saha, Dola and Grunwald, Dirk and Sicker, Douglas},
	editor = {Kirchner, Matthias and Ghosal, Dipak},
	title = {Secret Agent Radio: Covert Communication through Dirty Constellations},
	booktitle = {Information Hiding},
	year = {2013},
	publisher = {Springer Berlin Heidelberg},
	address = {Berlin, Heidelberg},
	pages = {160--175},
	isbn = {978-3-642-36373-3}
}

@article{cao2018wireless,
	author={Cao, Pengcheng
	and Liu, Weiwei
	and Liu, Guangjie
	and Ji, Xiaopeng
	and Zhai, Jiangtao
	and Dai, Yuewei},
	title={A Wireless Covert Channel Based on Constellation Shaping Modulation},
	journal={Security and Communication Networks},
	year={2018},
	month={Jan},
	day={08},
	publisher={Hindawi},
	volume={2018},
	pages={1214681}
}

@inproceedings{hou2020cloaklora,
	author={Hou, Ningning and Zheng, Yuanqing},
	booktitle={2020 IEEE 28th International Conference on Network Protocols (ICNP)}, 
	title={CloakLoRa: A Covert Channel over LoRa PHY}, 
	year={2020},
	volume={},
	number={},
	pages={1-11},
	doi={10.1109/ICNP49622.2020.9259364}
}

@inproceedings{bonati2021stealte,
	author={Bonati, Leonardo and D’Oro, Salvatore and Restuccia, Francesco and Basagni, Stefano and Melodia, Tommaso},
	booktitle={IEEE INFOCOM 2021 - IEEE Conference on Computer Communications}, 
	title={SteaLTE: Private 5G Cellular Connectivity as a Service with Full-stack Wireless Steganography}, 
	year={2021},
	volume={},
	number={},
	pages={1-10},
	doi={10.1109/INFOCOM42981.2021.9488889}
}

@inproceedings{sankhe2019impairment,
	author={Sankhe, Kunal and Restuccia, Francesco and D'Oro, Salvatore and Jian, Tong and Wang, Zifeng and Al-Shawabka, Amani and Dy, Jennifer and Melodia, Tommaso and Ioannidis, Stratis and Chowdhury, Kaushik},
	booktitle={MILCOM 2019 - 2019 IEEE Military Communications Conference (MILCOM)}, 
	title={Impairment Shift Keying: Covert Signaling by Deep Learning of Controlled Radio Imperfections}, 
	year={2019},
	volume={},
	number={},
	pages={598-603},
	doi={10.1109/MILCOM47813.2019.9021079}
}

@article{liao2020generative,
	author={Liao, Xiaomin and Si, Jiangbo and Shi, Jia and Li, Zan and Ding, Haiyang},
	journal={IEEE Communications Letters}, 
	title={Generative Adversarial Network Assisted Power Allocation for Cooperative Cognitive Covert Communication System}, 
	year={2020},
	volume={24},
	number={7},
	pages={1463-1467},
	doi={10.1109/LCOMM.2020.2988384}
}

@inproceedings{mohammed2021adversarial,
	author={Mohammed, Hesham and Wei, Xue and Saha, Dola},
	booktitle={2021 IEEE Global Communications Conference (GLOBECOM)}, 
	title={Adversarial Learning for Hiding Wireless Signals}, 
	year={2021},
	volume={},
	number={},
	pages={01-06},
	doi={10.1109/GLOBECOM46510.2021.9685425}
}

@inproceedings{bahramali2021robust,
	author = {Bahramali, Alireza and Nasr, Milad and Houmansadr, Amir and Goeckel, Dennis and Towsley, Don},
	title = {Robust Adversarial Attacks Against DNN-Based Wireless Communication Systems},
	year = {2021},
	isbn = {9781450384544},
	publisher = {Association for Computing Machinery},
	address = {New York, NY, USA},
	url = {https://doi.org/10.1145/3460120.3484777},
	doi = {10.1145/3460120.3484777},
	pages = {126–140},
	numpages = {15},
	keywords = {deep neural networks, adversarial examples, universal perturbations, wireless communication systems},
	location = {Virtual Event, Republic of Korea},
	series = {CCS '21}
}

@article{sadeghi2019physical,
	author={Sadeghi, Meysam and Larsson, Erik G.},
	journal={IEEE Communications Letters}, 
	title={Physical Adversarial Attacks Against End-to-End Autoencoder Communication Systems}, 
	year={2019},
	volume={23},
	number={5},
	pages={847-850},
	doi={10.1109/LCOMM.2019.2901469}
}

@misc{kingma2014adam,
      title={Adam: A Method for Stochastic Optimization}, 
	author={Diederik P. Kingma and Jimmy Ba},
	year={2017},
	eprint={arXiv:1412.6980},
	archivePrefix={arXiv},
	primaryClass={cs.LG},
	url={https://arxiv.org/abs/1412.6980}
}

@article{grzesiak2021wireless,
	AUTHOR = {Grzesiak, Krystian and Piotrowski, Zbigniew and Kelner, Jan M.},
	TITLE = {A Wireless Covert Channel Based on Dirty Constellation with Phase Drift},
	JOURNAL = {Electronics},
	VOLUME = {10},
	YEAR = {2021},
	NUMBER = {6},
	ARTICLE-NUMBER = {647},
	URL = {https://www.mdpi.com/2079-9292/10/6/647},
	ISSN = {2079-9292},
	DOI = {10.3390/electronics10060647}
}

@article{he2017covert,
	author={He, Biao and Yan, Shihao and Zhou, Xiangyun and Lau, Vincent K. N.},
	journal={IEEE Communications Letters}, 
	title={On Covert Communication With Noise Uncertainty}, 
	year={2017},
	volume={21},
	number={4},
	pages={941-944},
	doi={10.1109/LCOMM.2016.2647716}
}

@article{huang2020exploiting,
	author={Shuhua Huang and Weiwei Liu and Guangjie Liu and Yuewei Dai and Wen Tian},
	title={Exploiting Correlation Characteristics to Detect Covert digital communication},
	journal={KSII Transactions on Internet and Information Systems},
	issn={1976-7277},
	year={2020},
	volume={14},
	number={8},
	pages={3550-3566}
}

@inproceedings{kim2022covert,
	author={Kim, Brian and Erpek, Tugba and Sagduyu, Yalin E. and Ulukus, Sennur},
	booktitle={2022 IEEE Wireless Communications and Networking Conference (WCNC)}, 
	title={Covert Communications via Adversarial Machine Learning and Reconfigurable Intelligent Surfaces}, 
	year={2022},
	volume={},
	number={},
	pages={411-416},
	doi={10.1109/WCNC51071.2022.9771899}
}

@inproceedings{cabuk2004ip,
	author = {Cabuk, Serdar and Brodley, Carla E. and Shields, Clay},
	title = {IP Covert Timing Channels: Design and Detection},
	year = {2004},
	isbn = {1581139616},
	publisher = {Association for Computing Machinery},
	address = {New York, NY, USA},
	doi = {10.1145/1030083.1030108},
	pages = {178–187},
	numpages = {10},
	keywords = {network covert channels, covert timing channels, detection, TCP/IP},
	location = {Washington DC, USA},
	series = {CCS '04}
}

@article{huang2021detection,
	author={Huang, Shuhua
	and Liu, Weiwei
	and Liu, Guangjie
	and Dai, Yuewei
	and Bai, Huiwen},
	title={Detection of Constellation-Modulated Wireless Covert Channel Based on Adjusted CNN Model},
	journal={Security and Communication Networks},
	year={2021},
	month={Jun},
	day={07},
	publisher={Hindawi},
	volume={2021},
	pages={5569745},
	issn={1939-0114},
	doi={10.1155/2021/5569745},
}

@misc{goodfellow2014explaining,
      title={Explaining and Harnessing Adversarial Examples}, 
	author={Ian J. Goodfellow and Jonathon Shlens and Christian Szegedy},
	year={2015},
	eprint={arXiv:1412.6572},
	archivePrefix={arXiv},
	primaryClass={stat.ML},
	url={https://arxiv.org/abs/1412.6572}
}

@article{zhu2020toward,
	author={Zhu, Guangxu and Liu, Dongzhu and Du, Yuqing and You, Changsheng and Zhang, Jun and Huang, Kaibin},
	journal={IEEE Communications Magazine}, 
	title={Toward an Intelligent Edge: Wireless Communication Meets Machine Learning}, 
	year={2020},
	volume={58},
	number={1},
	pages={19-25},
	doi={10.1109/MCOM.001.1900103}
}

@inproceedings{jiang2019turbo,
	author = {Jiang, Yihan and Kim, Hyeji and Asnani, Himanshu and Kannan, Sreeram and Oh, Sewoong and Viswanath, Pramod},
	booktitle = {Advances in Neural Information Processing Systems},
	editor = {H. Wallach and H. Larochelle and A. Beygelzimer and F. d\textquotesingle Alch\'{e}-Buc and E. Fox and R. Garnett},
	pages = {},
	publisher = {Curran Associates, Inc.},
	title = {Turbo Autoencoder: Deep learning based channel codes for point-to-point communication channels},
	volume = {32},
	year = {2019}
}

@article{roy2019rfal,
	author={Roy, Debashri and Mukherjee, Tathagata and Chatterjee, Mainak and Blasch, Erik and Pasiliao, Eduardo},
	journal={IEEE Transactions on Cognitive Communications and Networking}, 
	title={RFAL: Adversarial Learning for RF Transmitter Identification and Classification}, 
	year={2020},
	volume={6},
	number={2},
	pages={783-801},
	doi={10.1109/TCCN.2019.2948919}
}

@inproceedings{hanna2019deep,
	author={Hanna, Samer S. and Cabric, Danijela},
	booktitle={2019 International Conference on Computing, Networking and Communications (ICNC)}, 
	title={Deep Learning Based Transmitter Identification using Power Amplifier Nonlinearity}, 
	year={2019},
	volume={},
	number={},
	pages={674-680},
	doi={10.1109/ICCNC.2019.8685569}
}

@inproceedings{arjoune2020novel,
	author={Arjoune, Youness and Salahdine, Fatima and Islam, Md. Shoriful and Ghribi, Elias and Kaabouch, Naima},
	booktitle={2020 International Conference on Information Networking (ICOIN)}, 
	title={A Novel Jamming Attacks Detection Approach Based on Machine Learning for Wireless Communication}, 
	year={2020},
	volume={},
	number={},
	pages={459-464},
	doi={10.1109/ICOIN48656.2020.9016462}
}

@article{zou2021channel,
	author={Zou, Cong and Yang, Fang and Song, Jian and Han, Zhu},
	journal={IEEE Communications Magazine}, 
	title={Channel Autoencoder for Wireless Communication: State of the Art, Challenges, and Trends}, 
	year={2021},
	volume={59},
	number={5},
	pages={136-142},
	doi={10.1109/MCOM.001.2000804}
}

@article{shi2020generative,
	author = {Shi, Yi and Davaslioglu, Kemal and Sagduyu, Yalin E.},
	title = {Generative Adversarial Network for Wireless Signal Spoofing},
	year = {2019},
	isbn = {9781450367691},
	publisher = {Association for Computing Machinery},
	address = {New York, NY, USA},
	url = {https://doi.org/10.1145/3324921.3329695},
	doi = {10.1145/3324921.3329695},
	pages = {55–60},
	numpages = {6},
	keywords = {spoofing attack, adversarial machine learning, deep learning, general adversarial network (GAN)},
	location = {Miami, FL, USA},
	series = {WiseML 2019}
}

@inproceedings{reynders2016chirp,
	author={Reynders, Brecht and Pollin, Sofie},
	booktitle={2016 Symposium on Communications and Vehicular Technologies (SCVT)}, 
	title={Chirp spread spectrum as a modulation technique for long range communication}, 
	year={2016},
	volume={},
	number={},
	pages={1-5},
	doi={10.1109/SCVT.2016.7797659}
}

@article{yan2019low,
	author={Yan, Shihao and Zhou, Xiangyun and Hu, Jinsong and Hanly, Stephen V.},
	journal={IEEE Wireless Communications}, 
	title={Low Probability of Detection Communication: Opportunities and Challenges}, 
	year={2019},
	volume={26},
	number={5},
	pages={19-25},
	doi={10.1109/MWC.001.1900057}
}

@article{martin2023evolving,
	author = {Mart\'{\i}n, Alejandro and Hern\'{a}ndez, Alfonso and Alazab, Moutaz and Jung, Jason and Camacho, David},
	title = {Evolving Generative Adversarial Networks to Improve Image Steganography},
	year = {2023},
	issue_date = {Jul 2023},
	publisher = {Pergamon Press, Inc.},
	address = {USA},
	volume = {222},
	number = {C},
	issn = {0957-4174},
	url = {https://doi.org/10.1016/j.eswa.2023.119841},
	doi = {10.1016/j.eswa.2023.119841},
	journal = {Expert Syst. Appl.},
	month = {may},
	numpages = {14},
	keywords = {Steganography, GAN, Genetic algorithm, Generative Adversarial Networks}
}

@incollection{WALRAND2000305,
	title = {CHAPTER 7 - Wireless Networks},
	editor = {Jean Walrand and Pravin Varaiya},
	booktitle = {High-Performance Communication Networks (Second Edition)},
	publisher = {Morgan Kaufmann},
	edition = {Second Edition},
	address = {San Francisco},
	pages = {305-361},
	year = {2000},
	isbn = {978-1-55860-574-9},
	doi = {https://doi.org/10.1016/B978-0-08-050803-0.50012-5},
	author = {Jean Walrand and Pravin Varaiya}
}

@misc{papernot2016transferability,
	title={Transferability in Machine Learning: from Phenomena to Black-Box Attacks using Adversarial Samples}, 
	author={Nicolas Papernot and Patrick McDaniel and Ian Goodfellow},
	year={2016},
	eprint={arXiv:1605.07277},
	archivePrefix={arXiv},
	primaryClass={cs.CR},
	url={https://arxiv.org/abs/1605.07277}
}

@inproceedings{makkuva2021ko,
	title={KO codes: Inventing Nonlinear Encoding and Decoding for Reliable Wireless Communication via Deep-learning}, 
	author={Ashok Vardhan Makkuva and Xiyang Liu and Mohammad Vahid Jamali and Hessam Mahdavifar and Sewoong Oh and Pramod Viswanath},
	year={2021},
	eprint={arXiv:2108.12920},
	archivePrefix={arXiv},
	primaryClass={cs.IT},
	url={https://arxiv.org/abs/2108.12920}
}