@book{garg2010wireless,
	title={Wireless communications \& networking},
	author={Garg, Vijay},
	year={2010},
	publisher={Elsevier}
}

@article{chakraborty2018adversarial,
	title={Adversarial attacks and defences: A survey},
	author={Chakraborty, Anirban and Alam, Manaar and Dey, Vishal and Chattopadhyay, Anupam and Mukhopadhyay, Debdeep},
	journal={arXiv preprint arXiv:1810.00069},
	year={2018}
}

@book{zhou2013physical,
	title={Physical layer security in wireless communications},
	author={Zhou, Xiangyun and Song, Lingyang and Zhang, Yan},
	year={2013},
	publisher={Crc Press}
}

@article{scholtz1982origins,
	title={The origins of spread-spectrum communications},
	author={Scholtz, Robert},
	journal={IEEE transactions on Communications},
	volume={30},
	number={5},
	pages={822--854},
	year={1982},
	publisher={IEEE}
}

@inproceedings{baldi2012autoencoders,
	title={Autoencoders, unsupervised learning, and deep architectures},
	author={Baldi, Pierre},
	booktitle={Proceedings of ICML workshop on unsupervised and transfer learning},
	pages={37--49},
	year={2012},
	organization={JMLR Workshop and Conference Proceedings}
}

@article{lampson1973note,
	title={A note on the confinement problem},
	author={Lampson, Butler W},
	journal={Communications of the ACM},
	volume={16},
	number={10},
	pages={613--615},
	year={1973},
	publisher={ACM New York, NY, USA}
}

@inproceedings{bash2012square,
	title={Square root law for communication with low probability of detection on AWGN channels},
	author={Bash, Boulat A and Goeckel, Dennis and Towsley, Don},
	booktitle={2012 IEEE International Symposium on Information Theory Proceedings},
	pages={448--452},
	year={2012},
	organization={IEEE}
}

@article{soltani2018covert,
	title={Covert wireless communication with artificial noise generation},
	author={Soltani, Ramin and Goeckel, Dennis and Towsley, Don and Bash, Boulat A and Guha, Saikat},
	journal={IEEE Transactions on Wireless Communications},
	volume={17},
	number={11},
	pages={7252--7267},
	year={2018},
	publisher={IEEE}
}

@article{sobers2017covert,
	title={Covert communication in the presence of an uninformed jammer},
	author={Sobers, Tamara V and Bash, Boulat A and Guha, Saikat and Towsley, Don and Goeckel, Dennis},
	journal={IEEE Transactions on Wireless Communications},
	volume={16},
	number={9},
	pages={6193--6206},
	year={2017},
	publisher={IEEE}
}

@article{o2017introduction,
	title={An introduction to deep learning for the physical layer},
	author={O’shea, Timothy and Hoydis, Jakob},
	journal={IEEE Transactions on Cognitive Communications and Networking},
	volume={3},
	number={4},
	pages={563--575},
	year={2017},
	publisher={IEEE}
}

@article{wang2017deep,
	title={Deep learning for wireless physical layer: Opportunities and challenges},
	author={Wang, Tianqi and Wen, Chao-Kai and Wang, Hanqing and Gao, Feifei and Jiang, Tao and Jin, Shi},
	journal={China Communications},
	volume={14},
	number={11},
	pages={92--111},
	year={2017},
	publisher={IEEE}
}

@inproceedings{tan2014stacked,
	title={Stacked convolutional auto-encoders for steganalysis of digital images},
	author={Tan, Shunquan and Li, Bin},
	booktitle={Signal and information processing association annual summit and conference (APSIPA), 2014 Asia-Pacific},
	pages={1--4},
	year={2014},
	organization={IEEE}
}

@inproceedings{qian2015deep,
	title={Deep learning for steganalysis via convolutional neural networks},
	author={Qian, Yinlong and Dong, Jing and Wang, Wei and Tan, Tieniu},
	booktitle={Media Watermarking, Security, and Forensics 2015},
	volume={9409},
	pages={171--180},
	year={2015},
	organization={SPIE}
}

@article{xu2016structural,
	title={Structural design of convolutional neural networks for steganalysis},
	author={Xu, Guanshuo and Wu, Han-Zhou and Shi, Yun-Qing},
	journal={IEEE Signal Processing Letters},
	volume={23},
	number={5},
	pages={708--712},
	year={2016},
	publisher={IEEE}
}

@article{baluja2017hiding,
	title={Hiding images in plain sight: Deep steganography},
	author={Baluja, Shumeet},
	journal={Advances in neural information processing systems},
	volume={30},
	year={2017}
}

@article{zhang2021brief,
	title={A brief survey on deep learning based data hiding, steganography and watermarking},
	author={Zhang, Chaoning and Lin, Chenguo and Benz, Philipp and Chen, Kejiang and Zhang, Weiming and Kweon, In So},
	journal={arXiv preprint arXiv:2103.01607},
	year={2021}
}

@article{zhang2020udh,
	title={Udh: Universal deep hiding for steganography, watermarking, and light field messaging},
	author={Zhang, Chaoning and Benz, Philipp and Karjauv, Adil and Sun, Geng and Kweon, In So},
	journal={Advances in Neural Information Processing Systems},
	volume={33},
	pages={10223--10234},
	year={2020}
}

@article{goodfellow2014generative,
	title={Generative adversarial nets},
	author={Goodfellow, Ian and Pouget-Abadie, Jean and Mirza, Mehdi and Xu, Bing and Warde-Farley, David and Ozair, Sherjil and Courville, Aaron and Bengio, Yoshua},
	journal={Advances in neural information processing systems},
	volume={27},
	year={2014}
}

@inproceedings{volkhonskiy2020steganographic,
	title={Steganographic generative adversarial networks},
	author={Volkhonskiy, Denis and Nazarov, Ivan and Burnaev, Evgeny},
	booktitle={Twelfth International Conference on Machine Vision (ICMV 2019)},
	volume={11433},
	pages={114333M},
	year={2020},
	organization={International Society for Optics and Photonics}
}

@article{hayes2017generating,
	title={Generating steganographic images via adversarial training},
	author={Hayes, Jamie and Danezis, George},
	journal={Advances in neural information processing systems},
	volume={30},
	year={2017}
}

@article{sheikholeslami2018multi,
	title={Multi-hop routing in covert wireless networks},
	author={Sheikholeslami, Azadeh and Ghaderi, Majid and Towsley, Don and Bash, Boulat A and Guha, Saikat and Goeckel, Dennis},
	journal={IEEE Transactions on Wireless Communications},
	volume={17},
	number={6},
	pages={3656--3669},
	year={2018},
	publisher={IEEE}
}

@article{sheikholeslami2020covert,
	title={Covert communications in multi-channel slotted ALOHA systems},
	author={Sheikholeslami, Azadeh and Ghaderi, Majid and Goeckel, Dennis},
	journal={IEEE Transactions on Mobile Computing},
	year={2020},
	publisher={IEEE}
}

@inproceedings{nussbaum2009robust,
	title={On robust covert channels inside DNS},
	author={Nussbaum, Lucas and Neyron, Pierre and Richard, Olivier},
	booktitle={IFIP International Information Security Conference},
	pages={51--62},
	year={2009},
	organization={Springer}
}

@inproceedings{li2021fundamental,
	title={Fundamental Limits of Activity-Based Covert Channels},
	author={Li, Ke and Ghaderi, Majid and Goeckel, Dennis},
	booktitle={2021 IEEE Global Communications Conference (GLOBECOM)},
	pages={1--6},
	year={2021},
	organization={IEEE}
}

@inproceedings{dutta2012secret,
	title={Secret agent radio: Covert communication through dirty constellations},
	author={Dutta, Aveek and Saha, Dola and Grunwald, Dirk and Sicker, Douglas},
	booktitle={International Workshop on Information Hiding},
	pages={160--175},
	year={2012},
	organization={Springer}
}

@article{cao2018wireless,
	title={A wireless covert channel based on constellation shaping modulation},
	author={Cao, Pengcheng and Liu, Weiwei and Liu, Guangjie and Ji, Xiaopeng and Zhai, Jiangtao and Dai, Yuewei},
	journal={Security and Communication Networks},
	volume={2018},
	year={2018},
	publisher={Hindawi}
}

@inproceedings{hou2020cloaklora,
	title={Cloaklora: A covert channel over LoRa phy},
	author={Hou, Ningning and Zheng, Yuanqing},
	booktitle={2020 IEEE 28th International Conference on Network Protocols (ICNP)},
	pages={1--11},
	year={2020},
	organization={IEEE}
}

@inproceedings{bonati2021stealte,
	title={SteaLTE: Private 5G Cellular Connectivity as a Service with Full-stack Wireless Steganography},
	author={Bonati, Leonardo and D’Oro, Salvatore and Restuccia, Francesco and Basagni, Stefano and Melodia, Tommaso},
	booktitle={IEEE INFOCOM 2021-IEEE Conference on Computer Communications},
	pages={1--10},
	year={2021},
	organization={IEEE}
}

@inproceedings{sankhe2019impairment,
	title={Impairment shift keying: Covert signaling by deep learning of controlled radio imperfections},
	author={Sankhe, Kunal and Restuccia, Francesco and D'Oro, Salvatore and Jian, Tong and Wang, Zifeng and Al-Shawabka, Amani and Dy, Jennifer and Melodia, Tommaso and Ioannidis, Stratis and Chowdhury, Kaushik},
	booktitle={MILCOM 2019-2019 IEEE Military Communications Conference (MILCOM)},
	pages={598--603},
	year={2019},
	organization={IEEE}
}

@article{liao2020generative,
	title={Generative adversarial network assisted power allocation for cooperative cognitive covert communication system},
	author={Liao, Xiaomin and Si, Jiangbo and Shi, Jia and Li, Zan and Ding, Haiyang},
	journal={IEEE Communications Letters},
	volume={24},
	number={7},
	pages={1463--1467},
	year={2020},
	publisher={IEEE}
}

@inproceedings{mohammed2021adversarial,
	title={Adversarial Learning for Hiding Wireless Signals},
	author={Mohammed, Hesham and Wei, Xue and Saha, Dola},
	booktitle={2021 IEEE Global Communications Conference (GLOBECOM)},
	pages={01--06},
	year={2021},
	organization={IEEE}
}

@inproceedings{bahramali2021robust,
	title={Robust adversarial attacks against DNN-based wireless communication systems},
	author={Bahramali, Alireza and Nasr, Milad and Houmansadr, Amir and Goeckel, Dennis and Towsley, Don},
	booktitle={Proceedings of the 2021 ACM SIGSAC Conference on Computer and Communications Security},
	pages={126--140},
	year={2021}
}

@article{kingma2014adam,
	title={Adam: A method for stochastic optimization},
	author={Kingma, Diederik P and Ba, Jimmy},
	journal={arXiv preprint arXiv:1412.6980},
	year={2014}
}

@article{grzesiak2021wireless,
	title={A Wireless Covert Channel Based on Dirty Constellation with Phase Drift},
	author={Grzesiak, Krystian and Piotrowski, Zbigniew and Kelner, Jan M},
	journal={Electronics},
	volume={10},
	number={6},
	pages={647},
	year={2021},
	publisher={MDPI}
}

@article{he2017covert,
	title={On covert communication with noise uncertainty},
	author={He, Biao and Yan, Shihao and Zhou, Xiangyun and Lau, Vincent KN},
	journal={IEEE Communications Letters},
	volume={21},
	number={4},
	pages={941--944},
	year={2017},
	publisher={IEEE}
}

@article{huang2020exploiting,
	title={Exploiting correlation characteristics to detect covert digital communication},
	author={Huang, Shuhua and Liu, Weiwei and Liu, Guangjie and Dai, Yuewei and Tian, Wen},
	journal={KSII Transactions on Internet and Information Systems (TIIS)},
	volume={14},
	number={8},
	pages={3550--3566},
	year={2020},
	publisher={Korean Society for Internet Information}
}

@inproceedings{kim2022covert,
	title={Covert communications via adversarial machine learning and reconfigurable intelligent surfaces},
	author={Kim, Brian and Erpek, Tugba and Sagduyu, Yalin E and Ulukus, Sennur},
	booktitle={2022 IEEE Wireless Communications and Networking Conference (WCNC)},
	pages={411--416},
	year={2022},
	organization={IEEE}
}

@inproceedings{cabuk2004ip,
	title={IP covert timing channels: design and detection},
	author={Cabuk, Serdar and Brodley, Carla E and Shields, Clay},
	booktitle={Proceedings of the 11th ACM conference on Computer and communications security},
	pages={178--187},
	year={2004}
}

@article{huang2021detection,
	title={Detection of constellation-modulated wireless covert channel based on adjusted CNN model},
	author={Huang, Shuhua and Liu, Weiwei and Liu, Guangjie and Dai, Yuewei and Bai, Huiwen},
	journal={Security and Communication Networks},
	volume={2021},
	year={2021},
	publisher={Hindawi}
}

@article{goodfellow2014explaining,
	title={Explaining and harnessing adversarial examples},
	author={Goodfellow, Ian J and Shlens, Jonathon and Szegedy, Christian},
	journal={arXiv preprint arXiv:1412.6572},
	year={2014}
}